@inproceedings{geisberger,
    title = {Efficient Routing in Road Networks with Turn Costs},
    author = {Robert Geisberger and Christian Vetter},
    booktitle = {International Symposium on Experimental Algorithms},
    year = {2011},
    url = {https://algo2.iti.kit.edu/download/urn_ch.pdf},
}